@book{anton2013elementary,
  title={Elementary Linear Algebra: Applications Version, 11th Edition},
  author={Anton, H. and Rorres, C.},
  isbn={9781118879160},
  year={2013},
  publisher={John Wiley \& Sons Incorporated}
}

@book{riley2006mathematical,
  title={Mathematical Methods for Physics and Engineering: A Comprehensive Guide},
  author={Riley, K.F. and Hobson, M.P. and Bence, S.J.},
  isbn={9781139450997},
  year={2006},
  publisher={Cambridge University Press}
}